[gd_scene load_steps=5 format=3 uid="uid://dp3jtov7e3see"]

[ext_resource type="Script" path="res://world.gd" id="1_gd0q0"]
[ext_resource type="PackedScene" uid="uid://bg0clsuy8ol07" path="res://snake.tscn" id="2_ugqnf"]
[ext_resource type="PackedScene" uid="uid://dxbimh0iv7435" path="res://background.tscn" id="3_2i66x"]
[ext_resource type="AudioStream" uid="uid://cr6w810x14i7j" path="res://coin.ogg" id="4_gi1iv"]

[node name="World" type="Node2D"]
z_index = 1
script = ExtResource("1_gd0q0")

[node name="Background" parent="." instance=ExtResource("3_2i66x")]
z_index = -1

[node name="Lines" parent="Background" index="1"]
z_index = 0
z_as_relative = false

[node name="Snake" parent="." instance=ExtResource("2_ugqnf")]

[node name="CoinSound" type="AudioStreamPlayer" parent="."]
stream = ExtResource("4_gi1iv")

[node name="BlackBoxTimer" type="Timer" parent="."]
wait_time = 10.0

[node name="PowerUpStart" type="Timer" parent="."]
wait_time = 3.0
one_shot = true

[node name="PowerUpDuration" type="Timer" parent="."]
wait_time = 5.0
one_shot = true

[connection signal="dead" from="Snake" to="." method="_on_snake_dead"]
[connection signal="power_up_eaten" from="Snake" to="." method="_on_snake_power_up_eaten"]
[connection signal="timeout" from="BlackBoxTimer" to="." method="_on_black_box_timer_timeout"]
[connection signal="timeout" from="PowerUpStart" to="." method="_on_power_up_start_timeout"]
[connection signal="timeout" from="PowerUpDuration" to="." method="_on_power_up_duration_timeout"]

[editable path="Background"]
[editable path="Snake"]
